@inproceedings{smt:chaff:2001,
    author = {Moskewicz, Matthew W. and Madigan, Conor F. and Zhao, Ying and Zhang, Lintao and Malik, Sharad},
    title = {Chaff: engineering an efficient SAT solver},
    booktitle = {Proceedings of the 38th annual Design Automation Conference},
    series = {DAC '01},
    year = {2001},
    isbn = {1-58113-297-2},
    location = {Las Vegas, Nevada, United States},
    pages = {530--535},
    numpages = {6},
    url = {http://doi.acm.org/10.1145/378239.379017},
    doi = {10.1145/378239.379017},
    acmid = {379017},
    publisher = {ACM},
    address = {New York, NY, USA},
    keywords = {boolean satisfiability, design verification},
} 

@inproceedings{smt:dpllt:2004,
    author = {Harald Ganzinger and George Hagen and Robert Nieuwenhuis and Albert Oliveras and Cesare Tinelli},
    title = {DPLL(T): Fast Decision Procedures},
    booktitle = {},
    year = {2004},
    pages = {175--188},
    publisher = {Springer}
}

@article{smt:dp:1960,
    author = {Davis, Martin and Putnam, Hilary},
    title = {A Computing Procedure for Quantification Theory},
    journal = {J. ACM},
    issue_date = {July 1960},
    volume = {7},
    number = {3},
    month = jul,
    year = {1960},
    issn = {0004-5411},
    pages = {201--215},
    numpages = {15},
    url = {http://doi.acm.org/10.1145/321033.321034},
    doi = {10.1145/321033.321034},
    acmid = {321034},
    publisher = {ACM},
    address = {New York, NY, USA},
}

@article{smt:dpll:1962,
    author = {Davis, Martin and Logemann, George and Loveland, Donald},
    title = {A machine program for theorem-proving},
    journal = {Commun. ACM},
    issue_date = {July 1962},
    volume = {5},
    number = {7},
    month = jul,
    year = {1962},
    issn = {0001-0782},
    pages = {394--397},
    numpages = {4},
    url = {http://doi.acm.org/10.1145/368273.368557},
    doi = {10.1145/368273.368557},
    acmid = {368557},
    publisher = {ACM},
    address = {New York, NY, USA},
}

@article{smt:stmlibstd:2010, 
    title={The SMT-LIB Standard Version 2.0}, 
    url={http://goedel.cs.uiowa.edu/smtlib/papers/smt-lib-reference-v2.0-r10.03.30.pdf}, 
    journal={Department of Computer Science The University of Iowa Tech Rep}, 
    publisher={Citeseer}, 
    author={Barrett, Clark and Stump, Aaron and Tinelli, Cesare}, 
    year={2010}, 
    pages={1--43}
}

@article{smt:shostak:1984,
  TITLE = {Deciding Combinations of Theories},
  AUTHOR = {Robert E. Shostak},
  JOURNAL = {Journal of the ACM},
  PAGES = {1--12},
  VOLUME = 31,
  NUMBER = 1,
  MONTH = JAN,
  YEAR = 1984
}
