@article{journals/entcs/HubnerABM04,
  added-at = {2005-05-13T00:00:00.000+0200},
  author = {Hübner, Malte and Autexier, Serge and Benzmüller, Christoph and Meier, Andreas},
  biburl = {http://www.bibsonomy.org/bibtex/2bc183942c103148470449c1fe909f638/dblp},
  date = {2005-05-13},
  description = {dblp},
  ee = {http://dx.doi.org/10.1016/j.entcs.2004.02.021},
  interhash = {bd122492cdb300cdd31da4447a1769d7},
  intrahash = {bc183942c103148470449c1fe909f638},
  journal = {Electr. Notes Theor. Comput. Sci.},
  keywords = {dblp},
  pages = {161-181},
  timestamp = {2005-05-13T00:00:00.000+0200},
  title = {Interactive Theorem Proving with Tasks.},
  url = {http://dblp.uni-trier.de/db/journals/entcs/entcs103.html#HubnerABM04},
  volume = 103,
  year = 2004
}

@article{journals/amai/Bonacina00,
  added-at = {2011-05-18T00:00:00.000+0200},
  author = {Bonacina, Maria Paola},
  biburl = {http://www.bibsonomy.org/bibtex/208e88ab9eed4a389a590a18c13d7b7e8/dblp},
  ee = {http://dx.doi.org/10.1023/A:1018932114059},
  interhash = {aa53e139231c9b805dce9cd817995fc0},
  intrahash = {08e88ab9eed4a389a590a18c13d7b7e8},
  journal = {Ann. Math. Artif. Intell.},
  keywords = {dblp},
  number = {1-4},
  pages = {223-257},
  timestamp = {2011-05-18T00:00:00.000+0200},
  title = {A taxonomy of parallel strategies for deduction.},
  url = {http://dblp.uni-trier.de/db/journals/amai/amai29.html#Bonacina00},
  volume = 29,
  year = 2000
}

@book{Weiss2013,
  added-at = {2013-04-16T15:51:01.000+0200},
  address = {Cambridge, MA},
  biburl = {http://www.bibsonomy.org/bibtex/2b79f3ee8b5cff59c10b872333a7a2dba/flint63},
  editor = {Weiss, Gerhard},
  file = {MIT Press Product Page:http\://mitpress.mit.edu/multiagentsystems:URL;Amazon Search inside:http\://www.amazon.de/gp/reader/0262018896/:URL;Related Web Site:http\://www.the-mas-book.info/:URL},
  groups = {public},
  interhash = {c294d9d4780c467a801a3dec2e68688c},
  intrahash = {b79f3ee8b5cff59c10b872333a7a2dba},
  isbn = {978-0-262-01889-0},
  keywords = {v1205 book ai agent middleware},
  publisher = {MIT Press},
  timestamp = {2013-04-16T15:51:01.000+0200},
  title = {Multiagent Systems},
  username = {flint63},
  year = 2013
}
