@article{Suzuki:1985:DME:6110.214406,
 author = {Suzuki, Ichiro and Kasami, Tadao},
 title = {A distributed mutual exclusion algorithm},
 journal = {ACM Trans. Comput. Syst.},
 issue_date = {Nov. 1985},
 volume = {3},
 number = {4},
 month = nov,
 year = {1985},
 issn = {0734-2071},
 pages = {344--349},
 numpages = {6},
 url = {http://doi.acm.org/10.1145/6110.214406},
 doi = {10.1145/6110.214406},
 acmid = {214406},
 publisher = {ACM},
 address = {New York, NY, USA},
} 

@article{Ricart:1981:OAM:358527.358537,
 author = {Ricart, Glenn and Agrawala, Ashok K.},
 title = {An optimal algorithm for mutual exclusion in computer networks},
 journal = {Commun. ACM},
 issue_date = {Jan. 1981},
 volume = {24},
 number = {1},
 month = jan,
 year = {1981},
 issn = {0001-0782},
 pages = {9--17},
 numpages = {9},
 url = {http://doi.acm.org/10.1145/358527.358537},
 doi = {10.1145/358527.358537},
 acmid = {358537},
 publisher = {ACM},
 address = {New York, NY, USA},
 keywords = {concurrent programming, critical section, distributed algorithm, mutual exclusion, network, synchronization},
}
